<?xml version="1.0" encoding="UTF-8"?><collection xmlns="http://www.loc.gov/MARC21/slim"><record><leader>00392nam--2200121-i-4500</leader><controlfield tag="001">000021677</controlfield><controlfield tag="002">20161230</controlfield><controlfield tag="005">20161230201034</controlfield><controlfield tag="008">060222s1000------------r-----000-0-eng-d</controlfield><datafield ind1=" " ind2=" " tag="100"><subfield code="a">Huck, Jean</subfield></datafield><datafield ind1=" " ind2=" " tag="245"><subfield code="a">Realisation d`un spectrometre a trois scintillateurs. application a l`etude du procesus de creation de paires. these</subfield></datafield><datafield ind1=" " ind2=" " tag="260"><subfield code="a">Lyon, Faculte Des Sciences, 1958, 33 P.+ 6 Pl</subfield></datafield><datafield ind1=" " ind2=" " tag="852"><subfield code="a">6422</subfield></datafield></record></collection>